%% LaTeX2e file `references.bib'
%% generated by the `filecontents' environment
%% from source `paper_1_sprowls' on 2025/08/07.
%%
@article{blei2003latent,
  title={Latent dirichlet allocation},
  author={Blei, David M and Ng, Andrew Y and Jordan, Michael I},
  journal={Journal of Machine Learning Research},
  volume={3},
  pages={993--1022},
  year={2003}
}
@article{grootendorst2022bertopic,
  title={{BERTopic}: Neural topic modeling with a class-based {TF-IDF}},
  author={Grootendorst, Maarten},
  journal={arXiv preprint arXiv:2203.05794},
  year={2022}
}
@article{tenenbaum2000global,
  title={A global geometric framework for nonlinear dimensionality reduction},
  author={Tenenbaum, Joshua B and De Silva, Vin and Langford, John C},
  journal={Science},
  volume={290},
  number={5500},
  pages={2319--2323},
  year={2000}
}
@article{von2007tutorial,
  title={A tutorial on spectral clustering},
  author={Von Luxburg, Ulrike},
  journal={Statistics and Computing},
  volume={17},
  number={4},
  pages={395--416},
  year={2007}
}
@inproceedings{ng2001spectral,
  title={On spectral clustering: Analysis and an algorithm},
  author={Ng, Andrew Y and Jordan, Michael I and Weiss, Yair},
  booktitle={Advances in Neural Information Processing Systems 14},
  year={2001}
}
@inproceedings{reimers2019sentence,
  title={{Sentence-BERT}: Sentence embeddings using siamese {BERT}-networks},
  author={Reimers, Nils and Gurevych, Iryna},
  booktitle={Proceedings of the 2019 Conference on Empirical Methods in Natural Language Processing},
  pages={3982--3992},
  year={2019}
}
@article{chung1997spectral,
  title={Spectral graph theory},
  author={Chung, Fan RK},
  volume={92},
  year={1997},
  publisher={American Mathematical Soc.}
}
@article{cheeger1970lower,
    title={A lower bound for the smallest eigenvalue of the Laplacian},
    author={Cheeger, Jeff},
    journal={Problems in analysis},
    pages={195--199},
    year={1970},
    publisher={Princeton Univ. Press}
}
